@article{einstein, %nombre para invocar
    author = "Albert Einstein",
    title = "{Zur Elektrodynamik bewegter K{\"o}rper}. ({German})
    [{On} the electrodynamics of moving bodies]",
    journal = "Annalen der Physik",
    volume = "322",
    number = "10",
    pages = "891--921",
    year = "1905",
    DOI = "http://dx.doi.org/10.1002/andp.19053221004",
    keywords = "physics"
}
 
@book{dirac, %nombre para invocar
    title = {The Principles of Quantum Mechanics},
    author = {Paul Adrien Maurice Dirac},
    isbn = {9780198520115},
    series = {International series of monographs on physics},
    year = {1981},
    publisher = {Clarendon Press},
    keywords = {physics}
}
 
@online{knuthwebsite,%nombre para invocar
    author = "Donald Knuth",
    title = "Knuth: Computers and Typesetting",
    url  = "http://www-cs-faculty.stanford.edu/~uno/abcde.html",
    addendum = "(accessed: 01.09.2016)",
    keywords = "latex,knuth"
}
%------------------------------------------------------------------

%@article{, %nombre para invocar
%    author = "", %autor (nombre y apellido)
%    title = "", %titulo
%    journal = "", %nombre de la revista
%    year = "2014", %año
%}


%--------------------------------------------------
%cita 1
@article{sans_1, %nombre para invocar
    author = "Shenk, J.", %autor (nombre y apellido)
    title = "Ninth Log Management Survey Report", %titulo
    journal = "SANS Institute, Information Security Reading Room", %nombre de la revista
    year = "2014" %año
}
%cita 2
@article{doe_ciac, %nombre para invocar
    author =  "Cichonski, P.",
    title = "Computer Security Incident Handling Guide: Recommendations of the National Institute of Standards and Technology",
    journal = "National Institute of Standards and Technology",
    year = "2012"
}

%cita 3
@online{it_isac,%nombre para invocar
    title = "IT-ISAC",
    url  = "https://www.it-isac.org/",
    addendum = "(Recuperado: 03.08.2020)",
    year = "2020"
}
%cita 4
@article{enisa,%nombre para invocar
    title = "Baseline Capabilities For National / Governmental Certs.",
    year = "2009"
}
% cita 5 o 4b en documento
@online{markets_markets,%nombre para invocar
    title = "Security Information and Event Management Market by Component, Application, Deployment Mode, Organization Size, Vertical (Information, Finance and Insurance, Healthcare and Social Assistance, Utilities), and Region - Global Forecast to 2025 ",
    url  = "https://www.marketsandmarkets.com/Market-Reports/security-information-event-management-market-183343191.html",
    addendum = "(Recuperado: 09.08.2020)",
    year = "2020"
}
%cita 6
@online{dir_nac_ciber,%nombre para invocar
    title = "Dirección Nacional de Ciberseguridad",
    url  = "https://www.argentina.gob.ar/jefatura/innovacion-publica/direccion-nacional-ciberseguridad",
    addendum = "(Recuperado: 03.08.2020)",
    year = "2020"
}
%cita 7
@article{jef_gab_856_98, %nombre para invocar
    author =  "Jefatura de Gabinete de Ministros",
    title = "Decreto 856/98 Creación de la Subsecretaría de Tecnologías Informáticas",
    year = "1998"
}
%cita 8
@article{sub_tec, %nombre para invocar
    author =  "Subsecretaría de Tecnologías Informáticas",
    title = "Reglamentación de las funciones del ArCERT",
    year = "1999"
}
%cita 9
@article{jef_gab_crease, %nombre para invocar
    author =  "Jefatura de Gabinete de Ministros",
    title = "Créase El Programa Nacional De Infraestructuras Críticas De Información Y Ciberseguridad",
    year = "2011"
}
%cita 10
@article{disp_2_2013, %nombre para invocar
    author =  "Oficina Nacional de Tecnologías de la Información",
    title = "Disposición Nº 2/2013: Creación del ICIC - CERT",
    year = "2013"
}

%cita 11
@article{unc_rec, %nombre para invocar
    author =  "Universidad Nacional de Córdoba, Rectorado",
    title = "Resolución 1221/2014: Adhesión al Programa Nacional de Infraestructuras Críticas de Información y Ciberseguridad",
    year = "2014"
}

%cita 12
@online{fa_comando,%nombre para invocar
    title = "Estado Mayor Conjunto de las Fuerzas Armadas, Comando Conjunto de Ciberdefensa.",
    url  = "http://www.fuerzas-armadas.mil.ar/ComandoConjuntoDeCiberdefensa/Default.aspx",
    addendum = "(Recuperado: 05.08.2020)",
    year = "2020"
}

%cita 13
@online{minis_seg,%nombre para invocar
    title = "CSIRT | Ministerio de Seguridad de la Nación Argentina.",
    url  = "https://csirt.minseg.gob.ar/",
    addendum = "(Recuperado: 05.08.2020)",
    year = "2020"
}

%cita 14
@online{ba_csirt,%nombre para invocar
    title = "BA-CSIRT | Centro de ciberseguridad ciudadana.",
    url  = "https://www.ba-csirt.gob.ar/",
    addendum = "(Recuperado: 05.08.2020)",
    year = "2020"
}

%cita 15
@online{nqn_csirt,%nombre para invocar
    title = "CSIRT – NQN.",
    url  = "https://csirt-nqn.neuquen.gov.ar/",
    addendum = "(Recuperado: 05.08.2020)",
    year = "2020"
}

%cita 16
@online{unlp_cert,%nombre para invocar
    title = "CERT UNLP.",
    url  = "https://www.cespi.unlp.edu.ar/cert/",
    addendum = "(Recuperado: 05.08.2020)",
    year = "2020"
}

%cita 17
@online{nic_arg,%nombre para invocar
    title = "¿NIC Argentina tiene un CSIRT (Equipo de Respuesta ante Incidencias de Seguridad) para realizar denuncias por delitos informáticos?",
    author = "NIC Argentina",
    url  = "https://nic.ar/es/node/293",
    addendum = "(Recuperado: 05.08.2020)",
    year = "2020"
}

%cita 18
@online{red_link,%nombre para invocar
    title = "Red Link.",
    url  = "https://www.redlink.com.ar/servicio_csirt.html",
    addendum = "(Recuperado: 08.08.2020)",
    year = "2020"
}

%cita 19
@online{banelco,%nombre para invocar
    title = "Ciberseguridad en la Industria Financiera. Itu",
    url  = "https://www.itu.int/en/ITU-D/Regional-Presence/Americas/Documents/EVENTS/2018/20577/Discussion\%20Finance\%20Medios\%20de\%20Pago.pdf",
    addendum = "(Recuperado: 08.08.2020)",
    year = "2020"
}


%cita 20
@online{iProUP,%nombre para invocar
    title = " Bancos y servicios financieros, en alerta: Argentina recibió 1.590 millones de ciberataques en 2019",
    url  = "https://www.iproup.com/innovacion/11963-seguridad-argentina-recibio-1-590-millones-de-ciberataques-en-2019",
    addendum = "(Recuperado: 08.08.2020)",
    year = "2019"
}

%cita 21
@online{fortinet,%nombre para invocar
    title = "Resumen Ejecutivo de Amenazas, período Abril - Junio de 2020.",
    url  = " https://www.fortinetthreatinsiderlat.com/es/Q2-2020/AR/html/trends#trends_position",
    addendum = "(Recuperado: 08.08.2020)",
    year = "2020"
}

%cita 22
@online{panorama,%nombre para invocar
    title = "El panorama de la ciberseguridad en números.",
    url  = "https://www.argentina.gob.ar/sites/default/files/cofemod_comisionciberseguridad_el_panorama_de_la_ciberseguridad_en_numeros_12-08-16.pdf",
    addendum = "(Recuperado: 08.08.2020)",
    year = "2020"
}


%cita 23
@online{pbi,%nombre para invocar
    title = "En 2016, el PBI cayó en pesos pero alcanzó un récord en dólares.",
    url  = " https://www.infobae.com/economia/2017/03/25/en-2016-el-pbi-cayo-en-pesos-pero-alcanzo-un-record-en-dolares/",
    addendum = "(Recuperado: 08.08.2020)",
    year = "2017"
}

%cita 24
@online{def_siem,%nombre para invocar
    title = "Let's Define SIEM!",
    url  = "https://blogs.gartner.com/anton-chuvakin/2017/08/14/lets-define-siem/",
    addendum = "(Recuperado: 09.08.2020)",
    year = "2017"
}

%cita 25
@online{ranking,%nombre para invocar
    title = "Security Information and Event Management",
    url  = "https://www.gartner.com/reviews/market/security-information-event-management",
    addendum = "(Recuperado: 09.08.2020)",
    year = "2020"
}


%cita 26
@online{qradar,%nombre para invocar
    title = "IBM QRadar SIEM - Visión general.",
    url  = "https://www.ibm.com/ar-es/products/qradar-siem",
    addendum = "(Recuperado: 10.08.2020)",
    year = "2020"
}

%cita 27
@online{adaudit,%nombre para invocar
    title = "Solución web para la generación de informes, cumplimiento de TI y auditoría de cambios en tiempo real de Active Directory - ADAudit Plus",
    url  = "https://www.manageengine.com/latam/active-directory-audit/",
    addendum = "(Recuperado: 10.08.2020)",
    year = "2020"
}


%cita 28
@online{logrhythm,%nombre para invocar
    title = "NextGen SIEM Platform | UEBA, SOAR, \& NDR | LogRhythm",
    url  = "https://logrhythm.com/products/nextgen-siem-platform/",
    addendum = "(Recuperado: 10.08.2020)",
    year = "2020"
}


%cita 29
@online{logpoint,%nombre para invocar
    title = "LogPoint as a SIEM solution",
    url  = "https://www.logpoint.com/en/product/logpoint-as-a-siem-tool/",
    addendum = "(Recuperado: 10.08.2020)",
    year = "2020"
}

%cita 30
@online{enterprise,%nombre para invocar
    title = "Soluciones SIEM | Enterprise Security Manager.",
    url  = "https://www.mcafee.com/enterprise/es-es/products/enterprise-security-manager.html",
    addendum = "(Recuperado: 10.08.2020)",
    year = "2020"
}

%cita 31
@online{arcsight,%nombre para invocar
    title = "Software ArcSight de gestión de información y eventos de seguridad (SIEM) | Micro Focus.",
    url  = "https://www.microfocus.com/es-es/products/siem-security-information-event-management/overview",
    addendum = "(Recuperado: 10.08.2020)",
    year = "2020"
}

%cita 32
@online{insight,%nombre para invocar
    title = "InsightIDR: Your Cloud SIEM Tool For Threat Detection \& Response. Rapid7.",
    url  = "https://www.rapid7.com/products/insightidr/",
    addendum = "(Recuperado: 10.08.2020)",
    year = "2020"
}

%cita 33
@online{elastic,%nombre para invocar
    title = "ELK Stack: Elasticsearch, Logstash, Kibana | Elastic. Elastic.co.",
    url  = "https://www.elastic.co/es/elk-stack",
    addendum = "(Recuperado: 10.08.2020)",
    year = "2020"
}

%cita 34
@online{splunk,%nombre para invocar
    title = "Machine Data Management \& Analytics | Splunk Enterprise. Splunk.",
    url  = "https://www.splunk.com/en_us/software/splunk-enterprise.html",
    addendum = "(Recuperado: 10.08.2020)",
    year = "2020"
}

%cita 35
@online{exabeam,%nombre para invocar
    title = "The Smarter SIEM Solution | Exabeam.",
    url  = "https://www.exabeam.com/product/",
    addendum = "(Recuperado: 10.08.2020)",
    year = "2020"
}

%cita 36
@online{alienvault_usm,%nombre para invocar
    title = "Unified Security Management (USM) Anywhere. USM Anywhere es el nuevo nombre de AlienVault USM",
    url  = "https://cybersecurity.att.com/products/usm-anywhere",
    addendum = "(Recuperado: 10.08.2020)",
    year = "2020"
}

%cita 37
@online{graylog,%nombre para invocar
    title = "Open Source Log Management for All | Graylog.",
    url  = "https://www.graylog.org/products/open-source",
    addendum = "(Recuperado: 10.08.2020)",
    year = "2020"
}

%cita 38
@online{alienvault_ossim,%nombre para invocar
    title = "OSSIM: The Open Source SIEM. AlienVault.",
    url  = "https://cybersecurity.att.com/products/ossim",
    addendum = "(Recuperado: 10.08.2020)",
    year = "2020"
}

%cita 39
@online{sonion,%nombre para invocar
    title = "Security Onion Solutions.",
    url  = "https://securityonionsolutions.com/software",
    addendum = "(Recuperado: 10.08.2020)",
    year = "2020"
}

%cita 40
@online{sweet_security,%nombre para invocar
    title = "TravisFSmith/SweetSecurity.",
    url  = "https://github.com/TravisFSmith/SweetSecurity",
    addendum = "(Recuperado: 10.08.2020)",
    year = "2020"
}

%cita 41
@online{fortisiem,%nombre para invocar
    title = "FortiSIEM | Sistema de administración de eventos \& información de seguridad (SIEM). Fortinet.",
    url  = "https://www.fortinet.com/lat/products/siem/fortisiem",
    addendum = "(Recuperado: 10.08.2020)",
    year = "2020"
}

%cita 42
@online{industrias_4,%nombre para invocar
    title = "Por qué la ciberseguridad en la Industria 4.0 ya es tan necesaria y estratégica. Universidad UNIR, Noticias De Ingeniería Y Tecnología",
    author = "Caldentey, D.",
    url  = "https://www.unir.net/ingenieria/revista/por-que-la-ciberseguridad-en-la-industria-4-0-ya-es-tan-necesaria-y-estrategica/",
    addendum = "(Recuperado: 12.08.2020)",
    year = "2019"
}

%cita 43
@online{CCN_CERT,%nombre para invocar
    title = "Ciberamenazas Sector Salud. CCN-CERT",
    author = "CCN-CERT",
    url  = "https://www.ccn-cert.cni.es/pdf/documentos-publicos/i-encuentro-salud/2949-ciberamenazas-sector-salud/file.html",
    addendum = "(Recuperado: 12.08.2020)",
    year = "2018"
}

%cita 44
@online{curator,%nombre para invocar
    title = "About | Curator Reference [5.8] | Elastic. Elastic.co.",
    url  = "https://www.elastic.co/guide/en/elasticsearch/client/curator/current/about.html.",
    addendum = "(Recuperado: 12.08.2020)",
    year = "2020"
}

%cita 45
@online{elasalert,%nombre para invocar
    title = "ElastAlert - Easy \& Flexible Alerting With Elasticsearch — ElastAlert 0.0.1 documentation.",
    url  = "https://elastalert.readthedocs.io/en/latest/elastalert.html",
    addendum = "(Recuperado: 12.08.2020)",
    year = "2020"
}

%cita 46
@online{freqserver,%nombre para invocar
    title = "FreqServer — Security Onion 16.04.7.1 documentation.",
    url  = "https://docs.securityonion.net/en/16.04/freqserver.html",
    addendum = "(Recuperado: 12.08.2020)",
    year = "2020"
}

%cita 47
@online{domainstat,%nombre para invocar
    title = "MarkBaggett-domain stats",
    url  = "https://github.com/MarkBaggett/domain_stats",
    addendum = "(Recuperado: 12.08.2020)",
    year = "2020"
}

%cita 48
@online{zeek,%nombre para invocar
    title = "The Zeek Network Security Monitor. Zeek.",
    url  = "https://zeek.org/",
    addendum = "(Recuperado: 12.08.2020)",
    year = "2020"
}

%cita 49
@online{snort,%nombre para invocar
    title = "Snort - Network Intrusion Detection \& Prevention System.",
    url  = "https://snort.org/",
    addendum = "(Recuperado: 12.08.2020)",
    year = "2020"
}

%cita 50
@online{suricata,%nombre para invocar
    title = "Suricata",
    url  = "https://suricata-ids.org/", 
    addendum = "(Recuperado: 12.08.2020)",
    year = "2020"
}

%cita 51
@online{docker,%nombre para invocar
    title = "Why Docker?. Docker.",
    url  = "https://www.docker.com/why-docker",
    addendum = "(Recuperado: 12.08.2020)",
    year = "2020"
}

%cita 52
@online{redis ,%nombre para invocar
    title = "Redis",
    url  = "https://redis.io/.",
    addendum = "(Recuperado: 20.08.2020)",
    year = "2020"
}

%cita 53
@online{wazuh ,%nombre para invocar
    title = "Wazuh - The Open Source Security Platform",
    url  = "https://wazuh.com/.",
    addendum = "(Recuperado: 20.08.2020)",
    year = "2020"
}

%cita 54
@online{ossec ,%nombre para invocar
    title = "OSSEC - Open Source HIDS - FIM, Rootkit Detection, Malware Detection",
    url  = "https://www.ossec.net/about/.",
    addendum = "(Recuperado: 20.08.2020)",
    year = "2020"
}

%cita 55
@online{sguil ,%nombre para invocar
    title = "Sguil - Open Source Network Security Monitoring.",
    url  = "http://bammv.github.io/sguil/index.html.",
    addendum = "(Recuperado: 20.08.2020)",
    year = "2020"
}

%cita 56
@online{squert ,%nombre para invocar
    title = "The squertproject.",
    url  = "http://www.squertproject.org/.",
    addendum = "(Recuperado: 20.08.2020)",
    year = "2020"
}

%cita 57
@online{netsniff-ng ,%nombre para invocar
    title = "Netsniff-ng toolkit.",
    url  = "http://netsniff-ng.org/.",
    addendum = "(Recuperado: 20.08.2020)",
    year = "2020"
}

%cita 58
@online{syslog-ng,%nombre para invocar
    title = "Syslog-ng - Open Source Log Management Tool",
    url  = "https://www.syslog-ng.com/products/open-source-log-management/.",
    addendum = "(Recuperado: 20.08.2020)",
    year = "2020"
}

%cita 59
@online{slack,%nombre para invocar
    title = "Slack - El motor de tu trabajo.",
    url  = "https://slack.com/intl/es-ar/.",
    addendum = "(Recuperado: 25.08.2020)",
    year = "2020"
}

%cita 60
@online{jira,%nombre para invocar
    title = "Jira | Software de seguimiento de proyectos e incidencias. Atlassian.",
    url  = "https://www.atlassian.com/es/software/jira.",
    addendum = "(Recuperado: 25.08.2020)",
    year = "2020"
}

%cita 61
@online{telegram,%nombre para invocar
    title = "Telegram – a new era of messaging. Telegram",
    url  = "https://telegram.org/.",
    addendum = "(Recuperado: 25.08.2020)",
    year = "2020"
}

%cita 62
@online{thehive,%nombre para invocar
    title = "TheHive Project",
    url  = "https://thehive-project.org/.",
    addendum = "(Recuperado: 25.08.2020)",
    year = "2020"
}

%cita 63
@online{grok,%nombre para invocar
    title = "Grok filter plugin | Logstash Reference [7.9] | Elastic.",
    url  = "https://www.elastic.co/guide/en/logstash/current/plugins-filters-grok.html.",
    addendum = "(Recuperado: 2.09.2020)",
    year = "2020"
}

%cita 64
@online{lucene,%nombre para invocar
    title = "Apache Lucene - Welcome to Apache Lucene",
    url  = "https://lucene.apache.org/.",
    addendum = "(Recuperado: 2.09.2020)",
    year = "2020"
}

%cita 65
@online{shodan,%nombre para invocar
    title = "Shodan",
    url  = "https://www.shodan.io/.",
    addendum = "(Recuperado: 2.09.2020)",
    year = "2020"
}

%cita 66
@online{virustotal,%nombre para invocar
    title = "VirusTotal",
    url  = "https://www.virustotal.com/gui/intelligence-overview.",
    addendum = "(Recuperado: 10.09.2020)",
    year = "2020"
}


%cita 67
@online{vision-AI,%nombre para invocar
    title = "Vision AI | Obtén información valiosa de las imágenes a través del AA. Google Cloud.",
    url  = "https://cloud.google.com/vision?hl=es-419.",
    addendum = "(Recuperado: 10.09.2020)",
    year = "2020"
}


%cita 68
@online{vmware,%nombre para invocar
    title = "VMware vSphere Hypervisor gratuito, virtualización gratuita (ESXi)",
    url  = "https://www.vmware.com/ar/products/vsphere-hypervisor.html.",
    addendum = "(Recuperado: 15.09.2020)",
    year = "2020"
}

%cita 69
@online{ubuntu,%nombre para invocar
    title = "Download Ubuntu Desktop | Download | Ubuntu",
    url  = "https://ubuntu.com/download/desktop.",
    addendum = "(Recuperado: 15.09.2020)",
    year = "2020"
}

%cita 70
@online{filebeat,%nombre para invocar
    title = "Filebeat: Lightweight Log Analysis \& Elasticsearch | Elastic",
    url  = "https://www.elastic.co/es/beats/filebeat.",
    addendum = "(Recuperado: 20.09.2020)",
    year = "2020"
}

%cita 71
@online{librenms,%nombre para invocar
    title = "LibreNMS",
    url  = "https://www.librenms.org/.",
    addendum = "(Recuperado: 05.05.2020)",
    year = "2020"
}

%cita 72
@online{nmap,%nombre para invocar
    title = "Nmap: the Network Mapper - Free Security Scanner",
    url  = "https://nmap.org/.",
    addendum = "(Recuperado: 10.05.2020)",
    year = "2020"
}

%cita 73
@online{wireshark,%nombre para invocar
    title = "Wireshark · Go Deep.",
    url  = "https://www.wireshark.org/.",
    addendum = "(Recuperado: 10.05.2020)",
    year = "2020"
}

%cita 74
@online{tcpreplay,%nombre para invocar
    title = "TCPreplay - Pcap editing and replaying utilities.",
    url  = "https://tcpreplay.appneta.com/",
    addendum = "(Recuperado: 12.05.2020)",
    year = "2020"
}

%cita 75
@online{sqlmap,%nombre para invocar
    title = "sqlmap® Automatic SQL injection and database takeover tool",
    url  = "http://sqlmap.org/",
    addendum = "(Recuperado: 14.05.2020)",
    year = "2020"
}
%cita 76
@online{nessus,%nombre para invocar
    title = "Nessus",
    url  = "https://es-la.tenable.com/products/nessus",
    addendum = "(Recuperado: 18.05.2020)",
    year = "2020"
}

%cita 77
@article{sans_2, %nombre para invocar
    author = "Alissa Torres", %autor (nombre y apellido)
    title = "Building a World-Class Security Operations Center: A Roadmap", %titulo
    journal = "SANS Institute Reading Room site", %nombre de la revista
    year = "2015" %año
}

%cita 78
@article{ccn_esp, %nombre para invocar
    author = "Centro Criptológico Nacional", %autor
    title = "GUÍA DE CREACIÓN DE UN CERT / CSIRT", %titulo
    year = "2011" %año
}

%cita 79
@online{ccna,%nombre para invocar
    title = "CCNA Cybersecurity Operations",
    author = "Cisco Networking Academy",
    year = "2018"
}


%cita 80
@online{es_storage,%nombre para invocar
    title = "ElasticSearch: Things you should Know about ES to be Useful",
    url  = "https://medium.com/@hansrajchoudhary_88463/elasticsearch-things-you-should-know-about-es-to-be-useful-fbc537a04086",
    year = "2019"
}

