@article{einstein, %nombre para invocar
    author = "Albert Einstein",
    title = "{Zur Elektrodynamik bewegter K{\"o}rper}. ({German})
    [{On} the electrodynamics of moving bodies]",
    journal = "Annalen der Physik",
    volume = "322",
    number = "10",
    pages = "891--921",
    year = "1905",
    DOI = "http://dx.doi.org/10.1002/andp.19053221004",
    keywords = "physics"
}
 
@book{dirac, %nombre para invocar
    title = {The Principles of Quantum Mechanics},
    author = {Paul Adrien Maurice Dirac},
    isbn = {9780198520115},
    series = {International series of monographs on physics},
    year = {1981},
    publisher = {Clarendon Press},
    keywords = {physics}
}
 
@online{knuthwebsite,%nombre para invocar
    author = "Donald Knuth",
    title = "Knuth: Computers and Typesetting",
    url  = "http://www-cs-faculty.stanford.edu/~uno/abcde.html",
    addendum = "(accessed: 01.09.2016)",
    keywords = "latex,knuth"
}
%------------------------------------------------------------------

%@article{, %nombre para invocar
%    author = "", %autor (nombre y apellido)
%    title = "", %titulo
%    journal = "", %nombre de la revista
%    year = "2014", %año
%}


%--------------------------------------------------

@article{sans_1, %nombre para invocar
    author = "Shenk, J.", %autor (nombre y apellido)
    title = "Ninth Log Management Survey Report", %titulo
    journal = "SANS Institute, Information Security Reading Room", %nombre de la revista
    year = "2014" %año
}

@article{doe_ciac, %nombre para invocar
    author =  "Cichonski, P.",
    title = "Computer Security Incident Handling Guide: Recommendations of the National Institute of Standards and Technology",
    journal = "National Institute of Standards and Technology",
    year = "2012"
}


@online{it_isac,%nombre para invocar
    title = "IT-ISAC",
    url  = "https://www.it-isac.org/",
    addendum = "(Recuperado: 03.08.2020)",
    year = "2020"
}

@article{enisa,%nombre para invocar
    title = "Baseline Capabilities For National / Governmental Certs.",
    year = "2009"
}


@online{dir_nac_ciber,%nombre para invocar
    title = "Dirección Nacional de Ciberseguridad",
    url  = "https://www.argentina.gob.ar/jefatura/innovacion-publica/direccion-nacional-ciberseguridad",
    addendum = "(Recuperado: 03.08.2020)",
    year = "2020"
}

@article{jef_gab_856_98, %nombre para invocar
    author =  "Jefatura de Gabinete de Ministros",
    title = "Decreto 856/98 Creación de la Subsecretaría de Tecnologías Informáticas",
    year = "1998"
}

@article{sub_tec, %nombre para invocar
    author =  "Subsecretaría de Tecnologías Informáticas",
    title = "Reglamentación de las funciones del ArCERT",
    year = "1999"
}

@article{jef_gab_crease, %nombre para invocar
    author =  "Jefatura de Gabinete de Ministros",
    title = "Créase El Programa Nacional De Infraestructuras Críticas De Información Y Ciberseguridad",
    year = "2011"
}

@article{disp_2_2013, %nombre para invocar
    author =  "Oficina Nacional de Tecnologías de la Información",
    title = "Disposición Nº 2/2013: Creación del ICIC - CERT",
    year = "2013"
}

@article{unc_rec, %nombre para invocar
    author =  "Universidad Nacional de Córdoba, Rectorado",
    title = "Resolución 1221/2014: Adhesión al Programa Nacional de Infraestructuras Críticas de Información y Ciberseguridad",
    year = "2014"
}

@online{fa_comando,%nombre para invocar
    title = "Estado Mayor Conjunto de las Fuerzas Armadas, Comando Conjunto de Ciberdefensa.",
    url  = "http://www.fuerzas-armadas.mil.ar/ComandoConjuntoDeCiberdefensa/Default.aspx",
    addendum = "(Recuperado: 05.08.2020)",
    year = "2020"
}

%cita 12
@online{minis_seg,%nombre para invocar
    title = "CSIRT | Ministerio de Seguridad de la Nación Argentina.",
    url  = "https://csirt.minseg.gob.ar/",
    addendum = "(Recuperado: 05.08.2020)",
    year = "2020"
}

%cita 13
@online{ba_csirt,%nombre para invocar
    title = "BA-CSIRT | Centro de ciberseguridad ciudadana.",
    url  = "https://www.ba-csirt.gob.ar/",
    addendum = "(Recuperado: 05.08.2020)",
    year = "2020"
}

%cita 14
@online{nqn_csirt,%nombre para invocar
    title = "CSIRT – NQN.",
    url  = "https://csirt-nqn.neuquen.gov.ar/",
    addendum = "(Recuperado: 05.08.2020)",
    year = "2020"
}

%cita 15
@online{unlp_cert,%nombre para invocar
    title = "CERT UNLP.",
    url  = "https://www.cespi.unlp.edu.ar/cert/",
    addendum = "(Recuperado: 05.08.2020)",
    year = "2020"
}



%cita 16
@online{nic_arg,%nombre para invocar
    title = "¿NIC Argentina tiene un CSIRT (Equipo de Respuesta ante Incidencias de Seguridad) para realizar denuncias por delitos informáticos?",
    author = "NIC Argentina",
    url  = "https://nic.ar/es/node/293",
    addendum = "(Recuperado: 05.08.2020)",
    year = "2020"
}

%cita 17
@online{red_link,%nombre para invocar
    title = "Red Link.",
    url  = "https://www.redlink.com.ar/servicio_csirt.html",
    addendum = "(Recuperado: 08.08.2020)",
    year = "2020"
}

%cita 18
@online{banelco,%nombre para invocar
    title = "Ciberseguridad en la Industria Financiera. Itu",
    url  = "https://www.itu.int/en/ITU-D/Regional-Presence/Americas/Documents/EVENTS/2018/20577/Discussion\%20Finance\%20Medios\%20de\%20Pago.pdf.",
    addendum = "(Recuperado: 08.08.2020)",
    year = "2020"
}








